@article{hannun2014deepspeech,
  title={Deep Speech: Scaling up end-to-end speech recognition},
  author={Hannun, Awni and Case, Carl and Casper, Jared and Catanzaro, Bryan and Diamos, Greg and Elsen, Erich and Prenger, Ryan and Satheesh, Sanjeev and Sengupta, Shubho and Coates, Adam and Ng, Andrew Y.},
  journal={arXiv preprint arXiv:1412.5567},
  year={2014}
}

@article{chan2016las,
  title={Listen, Attend and Spell},
  author={Chan, William and Jaitly, Navdeep and Le, Quoc V. and Vinyals, Oriol},
  journal={arXiv preprint arXiv:1508.01211},
  year={2016}
}

@inproceedings{radford2023whisper,
  title={Robust Speech Recognition via Large-Scale Weak Supervision},
  author={Radford, Alec and Kim, Jong Wook and Xu, Tao and Brockman, Greg and McLeavey, Christine and Sutskever, Ilya},
  booktitle={Proceedings of the 40th International Conference on Machine Learning},
  pages={28492--28518},
  year={2023},
  editor={Krause, Andreas and Brunskill, Emma and Cho, Kyunghyun and Engelhardt, Barbara and Sabato, Sivan and Scarlett, Jonathan},
  volume={202},
  series={Proceedings of Machine Learning Research},
  month={July},
  publisher={PMLR}
}

@inproceedings{ko2015audioaugment,
  title={Audio Augmentation for Speech Recognition},
  author={Ko, Tom and Peddinti, Vijayaditya and Povey, Daniel and Khudanpur, Sanjeev},
  booktitle={Proceedings of Interspeech},
  pages={3586--3589},
  year={2015}
}

@inproceedings{park2019specaugment,
  title={SpecAugment: A Simple Data Augmentation Method for Automatic Speech Recognition},
  author={Park, Daniel S. and Chan, William and Zhang, Yu and Chiu, Chung-Cheng and Zoph, Barret and Cubuk, Ekin D. and Le, Quoc V.},
  booktitle={Proceedings of Interspeech},
  year={2019}
}

@article{alharbi2021asrreview,
  title={Automatic Speech Recognition: Systematic Literature Review},
  author={Alharbi, S. and Alrazgan, M. and Alrashed, A. and AlNomasi, T. and Almojel, R. and AlHarbi, R. and AlShehri, F. and Almojil, M.},
  journal={IEEE Access},
  volume={9},
  pages={133517--133541},
  year={2021},
  doi={10.1109/ACCESS.2021.3112535}
}

@article{deepa2022speechhealthcare,
  title={Speech Technology in Healthcare},
  author={Deepa, P.},
  journal={Elsevier Health Sciences},
  year={2022},
  url={https://www.sciencedirect.com/science/article/pii/S2665917422001994}
}
